@online{backtracking-wikipedia-backtracking,
	title = {Backtracking},
	author = {Wikipedia},
	year = {2015},
	month = {sep},
	url = {https://en.wikipedia.org/wiki/Backtracking},
	urldate = {2015-09-24}
	}

@online{backtracking-perl_pcre,
	title = {perlre},
	author = {perldoc},
	year = {2015},
	month = {sep},
	url = {http://perldoc.perl.org/perlre.html},
	urldate = {2015-09-24}
	}

@online{Maven-book,
	title = {Maven},
	author = {O'reilly},
	year = {2008},
	month = {august},
	url = {https://books.google.nl/books?id=cBvZ4s72Z0gC&printsec=frontcover&dq=Maven:+The+Definitive+Guide:+The+Definitive+Guide&hl=nl&sa=X&ved=0CCAQ6AEwAGoVChMIwbCuiquSyAIVAzgUCh3pUQa8#v=onepage&q=Maven%3A%20The%20Definitive%20Guide%3A%20The%20Definitive%20Guide&f=false},
	urldate = {2015-09-25}
        }


@online{Maven-website,
        title = {Maven website},
        author = {Maven},
        year = {2015},
        month = {july},
        url = {https://books.google.nl/books?id=cBvZ4s72Z0gC&printsec=frontcover&dq=Maven:+The+Definitive+Guide:+The+Definitive+Guide&hl=nl&sa=X&ved=0CCAQ6AEwAGoVChMIwbCuiquSyAIVAzgUCh3pUQa8#v=onepage&q=Maven%3A%20The%20Definitive%20Guide%3A%20The%20Definitive%20Guide&f=false},
        urldate = {2015-09-25}
        }

